%% This BibTeX bibliography file was created using BibDesk.
%% http://bibdesk.sourceforge.net/

%% Created for m3daze at 2017-01-29 14:53:58 +0100 


%% Saved with string encoding Unicode (UTF-8) 



@url{aws:regions,
	Author = {Amazon},
	Date-Added = {2017-01-29 13:53:17 +0000},
	Date-Modified = {2017-01-29 13:53:17 +0000},
	Howpublished = {https://aws.amazon.com/de/about-aws/global-infrastructure/},
	Title = {Globale {AWS} Infrastruktur},
	Urldate = {2017-01-29 12:33:02 +0000},
	Bdsk-Url-1 = {https://aws.amazon.com/de/about-aws/global-infrastructure/?nc2=h_mo}}

@url{aws:general,
	Author = {Amazon},
	Date-Added = {2017-01-29 12:32:20 +0000},
	Date-Modified = {2017-01-29 12:32:20 +0000},
	Howpublished = {https://aws.amazon.com/de/about-aws/},
	Title = {Informationen zu {AWS}},
	Urldate = {2017-01-22 14:01:45 +0000},
	Bdsk-Url-1 = {https://aws.amazon.com/de/about-aws/}}

@book{vliet:resilience,
	Author = {Jurg van Vliet and Flavia Paganelli and Jasper Geurtsen},
	Date-Added = {2017-01-29 11:21:56 +0000},
	Date-Modified = {2017-01-29 11:21:56 +0000},
	Publisher = {O'Reilly},
	Title = {Resilience and Reliability on AWS},
	Year = {2013}}

@book{baun:cloudcomp,
	Author = {Christian Baun and Marcel Kunze and Jens Nimis and Stefan Tai},
	Date-Added = {2017-01-29 11:10:44 +0000},
	Date-Modified = {2017-01-29 11:10:44 +0000},
	Edition = {second},
	Publisher = {Springer Verlag Berlin Heidelberg},
	Title = {Cloud Computing},
	Year = {2011}}

@url{aws:azs,
	Author = {Amazon},
	Date-Added = {2017-01-29 12:33:02 +0000},
	Date-Modified = {2017-01-29 13:53:58 +0000},
	Howpublished = {http://docs.aws.amazon.com/AWSEC2/latest/UserGuide/using-regions-availability-zones.html},
	Title = {Regions and Availability Zones},
	Urldate = {2017-01-29 12:33:02 +0000},
	Bdsk-Url-1 = {https://aws.amazon.com/de/about-aws/global-infrastructure/?nc2=h_mo}}

@url{sendcheckit:plain,
	Author = {SendCheckIt},
	Date-Added = {2017-01-28 11:32:34 +0000},
	Date-Modified = {2017-01-28 11:54:46 +0000},
	Howpublished = {https://www.expeditedssl.com/aws-in-plain-english},
	Title = {Amazon Web Services in Plain English},
	Urldate = {2017-01-28 12:45:00 +0000},
	Bdsk-Url-1 = {https://aws.amazon.com/de/about-aws/}}

@url{computerwoche:reder,
	Author = {Bernd Reder},
	Date-Added = {2017-01-28 11:18:04 +0000},
	Date-Modified = {2017-01-28 11:33:34 +0000},
	Howpublished = {http://www.computerwoche.de/a/amazon-web-services-viel-cloud-fuer-wenig-geld,3223095},
	Title = {Amazon Web Services - viel Cloud f{\"u}r wenig Geld},
	Urldate = {2017-01-28 11:33:00 +0000},
	Bdsk-Url-1 = {https://aws.amazon.com/de/about-aws/}}

@url{t3n:brien,
	Author = {J{\"o}rn Brien},
	Date-Added = {2017-01-22 14:01:45 +0000},
	Date-Modified = {2017-01-28 11:20:59 +0000},
	Howpublished = {http://t3n.de/news/cloud-dienste-aws-marktfuehrer-762113/},
	Title = {Cloud-Dienste: AWS deutlich Marktf{\"u}hrer vor Google, Microsoft und IBM},
	Urldate = {2017-01-28 12:18:00 +0000},
	Bdsk-Url-1 = {https://aws.amazon.com/de/about-aws/}}

@book{wittig:awsinaction,
	Author = {Andreas Wittig and Michael Wittig},
	Date-Modified = {2017-01-29 11:08:53 +0000},
	Publisher = {Manning Publications Co.},
	Title = {Amazon WebServices in Action},
	Year = {2016}}

@book{vliet:programmingec2,
	Author = {Jurg van Vliet and Flavia Paganelli},
	Date-Modified = {2017-01-29 11:22:39 +0000},
	Publisher = {O'Reilly},
	Title = {Programming Amazon EC2},
	Year = {2011}}
